@online{sailfishportingguide,
  author = {{Jolla Ltd}},
  title  = {Sailfish OS Hardware Adaptation Development Kit Documentation},
  year   = {2022},
  url    = {https://docs.sailfishos.org/Develop/HADK/SailfishOS-HardwareAdaptationDevelopmentKit-4.5.0.19.pdf},
  note   = {Version 4.5.0.19}
}


@online{fairphonegithub,
  author = {{SailfishOS for the Fairphone 4 Team}},
  title  = {Getting Started with SailfishOS for the Fairphone 4},
  year   = {2023},
  url    = {https://github.com/SailfishOS-for-the-fairphone-4/getting_started},
  note   = {GitHub repository}
}
