@online{scribbrThesis,
  author = {Tegan George},
  title = {What Is a Thesis? Ultimate Guide and Examples},
  year = {2022}, 
  url = {https://www.scribbr.com/dissertation/thesis/},
}
