@online{sailfishportingguide,
  author = {{Jolla Ltd}},
  title  = {Sailfish OS Hardware Adaptation Development Kit Documentation},
  year   = {2022},
  url    = {https://docs.sailfishos.org/Develop/HADK/SailfishOS-HardwareAdaptationDevelopmentKit-4.5.0.19.pdf},
  note   = {Version 4.5.0.19}
}


@online{fairphonegithub,
  author = {{SailfishOS for the Fairphone 4 Team}},
  title  = {Getting Started with SailfishOS for the Fairphone 4},
  year   = {2023},
  url    = {https://github.com/SailfishOS-for-the-fairphone-4/getting_started},
  note   = {GitHub repository}
}


@inproceedings{felter2015updated,
  title        = {An updated performance comparison of virtual machines and linux containers},
  author       = {Felter, Wes and Ferreira, Alexandre and Rajamony, Ram and Rubio, Juan},
  booktitle    = {2015 IEEE international symposium on performance analysis of systems and software (ISPASS)},
  pages        = {171--172},
  year         = {2015},
  organization = {IEEE},
  url          = {https://dominoweb.draco.res.ibm.com/reports/rc25482.pdf}
}
@online{AffinityBridgeDockerProsCons,
  author = {{Affinity Bridge}},
  title  = {Pros and Cons of Docker},
  year   = {2018},
  url    = {https://affinitybridge.com/blog/pros-and-cons-docker},
  note   = {Blog post}
}

@online{dockerperformance,
  author = {Rasmus Emilsson},
  title  = {CONTAINER PERFORMANCE BENCHMARK BETWEEN DOCKER, LXD, PODMAN AND BUILDAH},
  year   = {2020},
  url    = {http://www.diva-portal.org/smash/get/diva2:1450777/FULLTEXT01.pdf},
  note   = {}
}

@online{dockerdaemonrisks,
  author = {{JimmyJames}},
  title  = {Risks posed by docker daemon running as root},
  year   = {2015},
  url    = {https://security.stackexchange.com/questions/102323/risks-posed-by-docker-daemon-running-as-root},
  note   = {StackExchange}
}
@online{archvsubuntureddit,
  author = {{delroth}},
  title  = {Is Arch Linux Really Faster Than Ubuntu?},
  year   = {2009},
  url    = {https://www.reddit.com/r/archlinux/comments/c5zdy/is_arch_linux_really_faster_than_ubuntu/},
  note   = {Reddit}
}

@online{QuickTipsStableArch,
  author = {Hayden James},
  title  = {Quick Tip for a more stable Arch Linux experience},
  year   = {2022},
  url    = {https://haydenjames.io/quick-tips-stable-arch-linux-experience/},
  note   = {}
}

  @misc{enwiki:1177298994,
  author = {{Wikipedia contributors}},
  title  = {Long-term support --- {Wikipedia}{,} The Free Encyclopedia},
  year   = {2023},
  url    = {https://en.wikipedia.org/w/index.php?title=Long-term_support&oldid=1177298994},
  note   = {[Online; accessed 9-October-2023]}
}

