

@online{rubriek,
  author = {{Gildemeester}},
  title  = {Canvas - Gilde Rubriek},
  year   = {2023},
  url    = {https://canvas.hu.nl/courses/39872/pages/gilden}
}