
@online{rubriek,
  author = {{Gildemeester}},
  title  = {Canvas - Gilde Rubriek},
  year   = {2023},
  url    = {https://canvas.hu.nl/courses/39872/pages/gilden}
}
@online{gdrivePricing,
  author = {Google},
  title  = {Google Drive Pricing Page},
  year   = {2023},
  url    = {https://www.google.com/drive/#pricing}
}
